% TODO: References to Billingsley19 and 20 may be confused as there is currently no reference to the journal paper

@inproceedings{AddisBBS15,
  author    = {Bernardetta Addis and
               Dallal Belabed and
               Mathieu Bouet and
               Stefano Secci},
  title     = {Virtual network functions placement and routing optimization},
  booktitle = {CloudNet'15: {IEEE} International Conference on Cloud Networking},
  pages     = {171--177},
  publisher = {{IEEE}},
  year      = {2015}
}

@inproceedings{AgarwalMCD18,
  author    = {Satyam Agarwal and
               Francesco Malandrino and
               Carla{-}Fabiana Chiasserini and
               Swades De},
  title     = {Joint {VNF} Placement and {CPU} Allocation in 5G},
  booktitle = {{INFOCOM}'18: {IEEE} Conference on Computer Communications},
  pages     = {1943--1951},
  publisher = {{IEEE}},
  year      = {2018}
}

@inproceedings{Al-FaresLV08,
  author    = {Mohammad Al{-}Fares and
               Alexander Loukissas and
               Amin Vahdat},
  title     = {A scalable, commodity data center network architecture},
  booktitle = {{SIGCOMM}:'08 Conference on Applications,
               Technologies, Architectures, and Protocols for Computer Communications},
  pages     = {63--74},
  year      = {2008}
}

@inproceedings{AlameddineQA17,
  author    = {Hyame Assem Alameddine and
               Long Qu and
               Chadi Assi},
  title     = {Scheduling service function chains for ultra-low latency network services},
  booktitle = {{CNSM}'17: Conference on Network and Service Management},
  pages     = {1--9},
  publisher = {{IEEE} Computer Society},
  year      = {2017}
}

@book{AlbaNS13,
  title     = {Metaheuristics for dynamic optimization},
  author    = {Enrique Alba and Amir Nakib and Patrick Siarry},
  volume    = {433},
  year      = {2013},
  publisher = {Springer}
}

@inproceedings{AllegKMA17,
  author    = {Abdelhamid Alleg and
               Riad Kouah and
               Samira Moussaoui and
               Toufik Ahmed},
  title     = {Virtual Network Functions Placement and Chaining for real-time applications},
  booktitle = {{CAMAD}'17: {IEEE} International Workshop on Computer Aided Modeling and
               Design of Communication Links and Networks},
  pages     = {1--6},
  publisher = {{IEEE}},
  year      = {2017}
}

@article{AndraeE15,
  title   = {On global electricity usage of communication technology: trends to 2030},
  author  = {Anders Andrae and Tomas Edler},
  journal = {Challenges},
  volume  = {6},
  number  = {1},
  pages   = {117--157},
  year    = {2015}
}

@article{AvgerinouBC17,
  author  = {Maria Avgerinou and Paolo Bertoldi and Luca Castellazzi},
  title   = {Trends in Data Centre Energy Consumption under the {European} Code of Conduct for Data Centre Energy Efficiency},
  journal = {Energies},
  year    = {2017},
  number  = {1470},
  pages   = {1--18},
  volume  = {10}
}

@article{Bargh04,
  title     = {The Internet and social life},
  author    = {John A Bargh and Katelyn YA McKenna},
  journal   = {Annual Review Psychology},
  volume    = {55},
  pages     = {573--590},
  year      = {2004},
  publisher = {Annual Reviews}
}

@inproceedings{BariCAB15,
  author    = {Md. Faizul Bari and
               Shihabur Rahman Chowdhury and
               Reaz Ahmed and
               Raouf Boutaba},
  editor    = {Mauro Tortonesi and
               J{\"{u}}rgen Sch{\"{o}}nw{\"{a}}lder and
               Edmundo Roberto Mauro Madeira and
               Corinna Schmitt and
               Joan Serrat},
  title     = {On orchestrating virtual network functions},
  booktitle = {{CNSM}'15: International Conference on Network and Service Management},
  pages     = {50--56},
  year      = {2015}
}

@inproceedings{BaumgartnerRB15,
  author    = {Andreas Baumgartner and
               Varun S. Reddy and
               Thomas Bauschert},
  title     = {Combined Virtual Mobile Core Network Function Placement and Topology
               Optimization with Latency Bounds},
  booktitle = {EWSDN'15: European Workshop on Software Defined Networks},
  pages     = {97--102},
  year      = {2015}
}

@inproceedings{BillingsleyLMMG19,
  author    = {Joseph Billingsley and
               Ke Li and
               Wang Miao and
               Geyong Min and
               Nektarios Georgalas},
  title     = {A Formal Model for Multi-objective Optimisation of Network Function
               Virtualisation Placement},
  booktitle = {EMO'19: Evolutionary Multi-Criterion Optimization},
  year      = {2019}
}

@inproceedings{BillingsleyLMMG20,
  author    = {Joseph Billingsley and
               Ke Li and
               Wang Miao and
               Geyong Min and
               Nektarios Georgalas},
  title     = {Routing-Led Placement of VNFs in Arbitrary Networks},
  booktitle = {{CEC}'20: Congress on Evolutionary Computation},
  pages     = {1--8},
  publisher = {{IEEE}},
  year      = {2020}
}

@inproceedings{BillingsleyLMMG21,
  author    = {Joseph Billingsley and
               Ke Li and
               Wang Miao and
               Geyong Min and
               Nektarios Georgalas},
  title     = {A Formal Model for Multi-objective Optimisation of Network Function
               Virtualisation Placement},
  booktitle = {EMO'19: Evolutionary Multi-Criterion Optimization},
  year      = {2019}
}

@inproceedings{BillingsleyLMMG22,
  author = {Joseph Billingsley and
            Ke Li and
            Wang Miao and
            Geyong Min and
            Nektarios Georgalas},
  title  = {Evolutionary multi-objective virtual network function placement: A formal model and effective algorithms},
  note   = {Manuscript under review}
}

@inproceedings{BrankeSDM04,
  author    = {J{\"{u}}rgen Branke and
               Hartmut Schmeck and
               Kalyanmoy Deb and
               Reddy S. Maheshwar},
  title     = {Parallelizing multi-objective evolutionary algorithms: cone separation},
  booktitle = {{CEC}'04: {IEEE} Congress on Evolutionary Computation},
  pages     = {1952--1957},
  publisher = {{IEEE}},
  year      = {2004}
}

@article{Castells14,
  title   = {The impact of the internet on society: a global perspective},
  author  = {Manuel Castells},
  journal = {Ch@nge. 19 Key Essays on How the Internet is Changing our Lives},
  pages   = {132--133},
  year    = {2014}
}

@article{ChadwickM13,
  title   = {Interaction between States and Citizens in the Age of the Internet:“e-Government” in the United States, Britain, and the European Union},
  author  = {Andrew Chadwick and Christopher May},
  journal = {Governance},
  volume  = {16},
  number  = {2},
  pages   = {271--300},
  year    = {2003}
}

@techreport{ChilimbiHL99,
  title       = {Cache-Conscious Data Structures? Design and Implementation},
  author      = {Trishul Chilimbi and Mark Hill and James Larus},
  year        = {1999},
  institution = {Microsoft}
}

@article{ChuaWZSH16,
  author  = {Freddy Chong Tat Chua and
             Julie Ward and
             Ying Zhang and
             Puneet Sharma and
             Bernardo A. Huberman},
  title   = {Stringer: Balancing Latency and Resource Usage in Service Function
             Chain Provisioning},
  journal = {{IEEE} Internet Comput.},
  volume  = {20},
  number  = {6},
  pages   = {22--31},
  year    = {2016}
}

@techreport{Cisco18,
  title       = {Cisco Global Cloud Index: Forecast and Methodology, 2016–2021},
  institution = {Cisco},
  year        = {2018}
}

@misc{Google21,
  title       = {Google Data Centers: Efficiency},
  institution = {Google},
  url         = {www.google.co.uk/about/datacenters/efficiency/},
  note        = {Accessed: 30-08-2021}
}

@misc{Cisco19,
  title  = {Spine and Leaf Architecture: Design Overview White Paper},
  author = {Cisco},
  url    = {http://www.youtube.com/watch?v=8RrbUyw9uSg},
  year   = {2019}
}

@misc{CNCN,
  title        = {China Pledges to Reach Carbon Neutrality Before 2060},
  howpublished = {\url{https://www.theguardian.com/environment/2020/sep/22/china-pledges-to-reach-carbon-neutrality-before-2060}},
  note         = {Accessed: 2021-01-28}
}

@inproceedings{CohenLNR15,
  author    = {Rami Cohen and
               Liane Lewin{-}Eytan and
               Joseph Naor and
               Danny Raz},
  title     = {Near optimal placement of virtual network functions},
  booktitle = {{INFOCOM}'15: Proc. of the 2015 {IEEE} Conference on Computer Communications},
  pages     = {1346--1354},
  year      = {2015}
}

@article{DebAPM02,
  author  = {Kalyanmoy Deb and Samir Agrawal and Amrit Pratap and T. Meyarivan},
  title   = {A fast and elitist multiobjective genetic algorithm: {NSGA-II}},
  journal = {{IEEE} Trans. Evolutionary Computation},
  volume  = {6},
  number  = {2},
  pages   = {182--197},
  year    = {2002}
}

@inproceedings{DixitPHK13,
  author    = {Advait Abhay Dixit and
               Pawan Prakash and
               Y. Charlie Hu and
               Ramana Rao Kompella},
  title     = {On the impact of packet spraying in data center networks},
  booktitle = {{INFOCOM'13:} {IEEE} Conference on Computer Communications},
  pages     = {2130--2138},
  year      = {2013}
}

@techreport{DoddAGC20,
  author      = {Nicholas Dodd and
                 Felice Alfieri and
                 Miguel Nuno De Oliveira Gama Caldas and
                 Larisa Maya-Drysdaleand
                 Jan Viegand and
                 Sophia Flucker and
                 Robert Tozer and 
                 Beth Whitehead and
                 Anson Wu
                 Fiona Brocklehurst
                 },
  title       = {Development of the EU Green Public Procurement (GPP) Criteria for Data Centres},
  institution = {Server Rooms and Cloud Services, Publications Office of the European Union},
  year        = {2020}
}

@incollection{DPaqueteCS04,
  author    = {Lu{\'{\i}}s Paquete and
               Marco Chiarandini and
               Thomas St{\"{u}}tzle},
  title     = {Pareto Local Optimum Sets in the Biobjective Traveling Salesman Problem:
               An Experimental Study},
  booktitle = {Metaheuristics for Multiobjective Optimisation},
  pages     = {177--199},
  year      = {2004}
}

@article{El-AlfyA16,
  author  = {El{-}Sayed M. El{-}Alfy and
             Mashaan A. Alshammari},
  title   = {Towards scalable rough set based attribute subset selection for intrusion
             detection using parallel genetic algorithm in MapReduce},
  journal = {Simul. Model. Pract. Theory},
  volume  = {64},
  pages   = {18--29},
  year    = {2016}
}

@misc{EUCN,
  title        = {Committing to climate-neutrality by 2050: Commission proposes European Climate Law and consults on the European Climate Pact},
  howpublished = {\url{https://ec.europa.eu/commission/presscorner/detail/en/ip_20_335}},
  note         = {Accessed: 2021-01-28}
}

@article{Farrell12,
  title   = {The consequences of the internet for politics},
  author  = {Henry Farrell},
  journal = {Annual review of political science},
  volume  = {15},
  year    = {2012}
}

@article{GaoABS18,
  author  = {Meihui Gao and
             Bernardetta Addis and
             Mathieu Bouet and
             Stefano Secci},
  title   = {Optimal orchestration of virtual network functions},
  journal = {Comput. Networks},
  volume  = {142},
  pages   = {108--127},
  year    = {2018}
}

@article{GouarebFA18,
  author  = {Racha Gouareb and
             Vasilis Friderikos and
             Abdol{-}Hamid Aghvami},
  title   = {Virtual Network Functions Routing and Placement for Edge Cloud Latency
             Minimization},
  journal = {{IEEE} Journal on Selected Areas in Communications},
  volume  = {36},
  number  = {10},
  pages   = {2346--2357},
  year    = {2018}
}

@article{GreenbergM92,
  author  = {Albert G. Greenberg and
             Neal Madras},
  title   = {How Fair is Fair Queuing?},
  journal = {J. {ACM}},
  volume  = {39},
  number  = {3},
  pages   = {568--598},
  year    = {1992}
}

@inproceedings{GuoWLQA0Y20,
  author    = {Hantao Guo and
               Ying Wang and
               Zifan Li and
               Xuesong Qiu and
               Hengbin An and
               Peng Yu and
               Ningcheng Yuan},
  title     = {Cost-aware Placement and Chaining of Service Function Chain with {VNF}
               Instance Sharing},
  booktitle = {{NOMS}'20: {IEEE/IFIP} Network Operations and Management Symposium},
  pages     = {1--8},
  publisher = {{IEEE}},
  year      = {2020}
}

@inproceedings{GuoWTSZL08,
  author    = {Chuanxiong Guo and
               Haitao Wu and
               Kun Tan and
               Lei Shi and
               Yongguang Zhang and
               Songwu Lu},
  title     = {Dcell: a scalable and fault-tolerant network structure for data centers},
  booktitle = {{SIGCOMM}'08: Conference on Applications,
               Technologies, Architectures, and Protocols for Computer Communications},
  pages     = {75--86},
  year      = {2008}
}

@article{HartiganW79,
  title     = {Algorithm {AS} 136: {A} k-means clustering algorithm},
  author    = {John Hartigan and Manchek Wong},
  journal   = {Journal of the Royal Statistical Society},
  volume    = {28},
  number    = {1},
  pages     = {100--108},
  year      = {1979},
  publisher = {JSTOR}
}

@article{HawiloJS19,
  author  = {Hassan Hawilo and
             Manar Jammal and
             Abdallah Shami},
  title   = {Network Function Virtualization-Aware Orchestrator for Service Function
             Chaining Placement in the Cloud},
  journal = {{IEEE} J. Sel. Areas Commun.},
  volume  = {37},
  number  = {3},
  pages   = {643--655},
  year    = {2019}
}

@techreport{IntelDPDK,
  title       = {Impact of the Intel Data Plane Development Kit (Intel DPDK) on Packet Throughput in Virtualized Network Elements},
  institution = {Intel},
  year        = {2013}
}

@techreport{IntelPPP,
  title       = {Packet Processing Performance of Virtualized Platforms with Linux* and Intel Architecture},
  institution = {Intel},
  year        = {2013}
}

@inproceedings{JemaaPP16,
  author    = {Fatma Ben Jemaa and Guy Pujolle and Michel Pariente},
  title     = {Analytical Models for QoS-driven {VNF} Placement and Provisioning in Wireless Carrier Cloud},
  booktitle = {MSWiM'16: International Conference on Modeling, Analysis and Simulation of Wireless and Mobile Systems},
  pages     = {148--155},
  year      = {2016}
}

@inproceedings{KennedyM92,
  author    = {Ken Kennedy and
               Kathryn S. McKinley},
  title     = {Optimizing for parallelism and data locality},
  booktitle = {{ICS}'92: International conference on Supercomputing},
  pages     = {323--334},
  year      = {1992}
}

@book{Kleinrock75,
  author    = {Leonard Kleinrock},
  title     = {Theory, Volume 1, Queueing Systems},
  year      = {1975},
  isbn      = {0471491101},
  publisher = {Wiley-Interscience}
}

@article{KuoLLT18,
  author  = {Tung{-}Wei Kuo and
             Bang{-}Heng Liou and
             Kate Ching{-}Ju Lin and
             Ming{-}Jer Tsai},
  title   = {Deploying Chains of Virtual Network Functions: On the Relation Between
             Link and Server Usage},
  journal = {{IEEE/ACM} Trans. Netw.},
  volume  = {26},
  number  = {4},
  pages   = {1562--1576},
  year    = {2018}
}

@article{Landa-Silva13,
  author  = {Dario Landa{-}Silva},
  title   = {Design of Modern Heuristics},
  journal = {Genet. Program. Evolvable Mach.},
  volume  = {14},
  number  = {1},
  pages   = {119--121},
  year    = {2013}
}

@inproceedings{LangeGZTJ17,
  author    = {Stanislav Lange and
               Alexej Grigorjew and
               Thomas Zinner and
               Phuoc Tran{-}Gia and
               Michael Jarschel},
  title     = {A Multi-objective Heuristic for the Optimization of Virtual Network
               Function Chain Placement},
  booktitle = {{ITC}'17: 29th International Teletraffic Congress},
  pages     = {152--160},
  year      = {2017}
}

@inproceedings{LeivadeasFLIK18,
  author    = {Aris Leivadeas and
               Matthias Falkner and
               Ioannis Lambadaris and
               Mohamed Ibnkahla and
               George Kesidis},
  title     = {Balancing Delay and Cost in Virtual Network Function Placement and
               Chaining},
  booktitle = {NetSoft'18: {IEEE} Conference on Network Softwarization and Workshops},
  pages     = {433--440},
  publisher = {{IEEE}},
  year      = {2018}
}

@article{LiuZDLGZ18,
  author  = {Xiao Fang Liu and
             Zhi{-}Hui Zhan and
             Jeremiah D. Deng and
             Yun Li and
             Tianlong Gu and
             Jun Zhang},
  title   = {An Energy Efficient Ant Colony System for Virtual Machine Placement
             in Cloud Computing},
  journal = {{IEEE} Trans. Evolutionary Computation},
  volume  = {22},
  number  = {1},
  pages   = {113--128},
  year    = {2018}
}

@article{LuckenBS04,
  author  = {Christian von L{\"{u}}cken and
             Benjam{\'{\i}}n Bar{\'{a}}n and
             Aldo Sotelo},
  title   = {Pump Scheduling Optimization Using Asynchronous Parallel Evolutionary Algorithms},
  journal = {{CLEI} Electron. J.},
  volume  = {7},
  number  = {2},
  year    = {2004}
}

@article{LuizelliCBG17,
  author  = {Marcelo Caggiani Luizelli and
             Weverton Luis da Costa Cordeiro and
             Luciana S. Buriol and
             Luciano Paschoal Gaspary},
  title   = {A fix-and-optimize approach for efficient and large scale virtual
             network function placement and chaining},
  journal = {Comput. Commun.},
  volume  = {102},
  pages   = {67--77},
  year    = {2017}
}

@article{LuoFBP19,
  author  = {Jia Luo and
             Shigeru Fujimura and
             Didier El Baz and
             Bastien Plazolles},
  title   = {{GPU} based parallel genetic algorithm for solving an energy efficient
             dynamic flexible flow shop scheduling problem},
  journal = {J. Parallel Distributed Comput.},
  volume  = {133},
  pages   = {244--257},
  year    = {2019}
}

@article{ManiasHJS20,
  author  = {Dimitrios Michael Manias and
             Hassan Hawilo and
             Manar Jammal and
             Abdallah Shami},
  title   = {Depth-Optimized Delay-Aware Tree {(DO-DAT)} for Virtual Network Function
             Placement},
  journal = {CoRR},
  volume  = {abs/2006.01790},
  year    = {2020},
  url     = {https://arxiv.org/abs/2006.01790}
}

@inproceedings{ManiasJHSHLB19,
  author    = {Dimitrios Michael Manias and
               Manar Jammal and
               Hassan Hawilo and
               Abdallah Shami and
               Parisa Heidari and
               Adel Larabi and
               Richard Brunner},
  title     = {Machine Learning for Performance-Aware Virtual Network Function Placement},
  booktitle = {{GLOBECOM}'19: {IEEE} Global Communications Conference},
  pages     = {1--6},
  publisher = {{IEEE}},
  year      = {2019}
}

@article{MarottaZDK17,
  author  = {Antonio Marotta and Enrica Zola and Fabio D'Andreagiovanni and Andreas Kassler},
  title   = {A fast robust optimization-based heuristic for the deployment of green virtual network functions},
  journal = {J. Network and Computer Applications},
  volume  = {95},
  pages   = {42--53},
  year    = {2017}
}

@article{MiottoLCG19,
  author  = {Gustavo Miotto and
             Marcelo Caggiani Luizelli and
             Weverton Luis da Costa Cordeiro and
             Luciano Paschoal Gaspary},
  title   = {Adaptive placement {\&} chaining of virtual network functions with {NFV-PEAR}},
  journal = {J. Internet Services and Applications},
  volume  = {10},
  number  = {1},
  pages   = {3:1--3:19},
  year    = {2019}
}

@misc{NZCN,
  title        = {New Zealand Commits To Being Carbon Neutral By 2050},
  howpublished = {\url{https://www.npr.org/2019/11/07/777259573/new-zealand-commits-to-being-carbon-neutral-by-2050-with-a-big-loophole}},
  note         = {Accessed: 2021-01-28}
}

@article{OECD16,
  title  = {New Skills for the Digital Economy},
  author = {OECD},
  year   = {2016}
}

@inproceedings{OljiraBTG16,
  author    = {Dejene Boru Oljira and
               Anna Brunstr{\"{o}}m and
               Javid Taheri and
               Karl{-}Johan Grinnemo},
  title     = {Analysis of Network Latency in Virtualized Environments},
  booktitle = {GLOBECOM'16: Proc. of the 2016 {IEEE} Global Communications Conference},
  pages     = {1--6},
  year      = {2016}
}

@inproceedings{OljiraGTB17,
  author    = {Dejene Boru Oljira and
               Karl{-}Johan Grinnemo and
               Javid Taheri and
               Anna Brunstr{\"{o}}m},
  title     = {A model for QoS-aware {VNF} placement and provisioning},
  booktitle = {{NFV-SDN}'17: {IEEE} Conference on Network Function Virtualization and Software
               Defined Networks},
  pages     = {1--7},
  publisher = {{IEEE}},
  year      = {2017}
}

@inproceedings{OsabaDCOL14,
  author    = {Eneko Osaba and
               Fernando D{\'{\i}}az and
               Roberto Carballedo and
               Enrique Onieva and
               Pedro L{\'{o}}pez{-}Garc{\'{\i}}a},
  title     = {A study on the impact of heuristic initialization functions in a genetic
               algorithm solving the N-queens problem},
  booktitle = {{GECCO}'14: Genetic and Evolutionary Computation Conference},
  pages     = {1473--1474},
  year      = {2014}
}

@inproceedings{OtokuraLKKSM16,
  author    = {Mari Otokura and
               Kenji Leibnitz and
               Yuki Koizumi and
               Daichi Kominami and
               Tetsuya Shimokawa and
               Masayuki Murata},
  title     = {Application of evolutionary mechanism to dynamic Virtual Network Function
               Placement},
  booktitle = {{ICNP}'16: International Conference on Network Protocols},
  pages     = {1--6},
  year      = {2016}
}

@article{PeiHXLWW20,
  author  = {Jianing Pei and
             Peilin Hong and
             Kaiping Xue and
             Defang Li and
             David S. L. Wei and
             Feng Wu},
  title   = {Two-Phase Virtual Network Function Selection and Chaining Algorithm
             Based on Deep Learning in SDN/NFV-Enabled Networks},
  journal = {{IEEE} J. Sel. Areas Commun.},
  volume  = {38},
  number  = {6},
  pages   = {1102--1117},
  year    = {2020}
}

@inproceedings{Pongor93,
  author    = {Gy{\"{o}}rgy Pongor},
  title     = {OMNeT: Objective Modular Network Testbed},
  booktitle = {{MASCOTS}'93: Proceedings of the International Workshop on Modeling,
               Analysis, and Simulation On Computer and Telecommunication Systems},
  pages     = {323--326},
  year      = {1993}
}

@article{QiSW19,
  author  = {Dandan Qi and
             Subin Shen and
             Guanghui Wang},
  title   = {Towards an efficient {VNF} placement in network function virtualization},
  journal = {Comput. Commun.},
  volume  = {138},
  pages   = {81--89},
  year    = {2019}
}

@article{QuASK17,
  author  = {Long Qu and
             Chadi Assi and
             Khaled Bashir Shaban and
             Maurice J. Khabbaz},
  title   = {A Reliability-Aware Network Service Chain Provisioning With Delay
             Guarantees in NFV-Enabled Enterprise Datacenter Networks},
  journal = {{IEEE} Trans. Network and Service Management},
  volume  = {14},
  number  = {3},
  pages   = {554--568},
  year    = {2017}
}

@article{QuZYSLR20,
  author  = {Kaige Qu and
             Weihua Zhuang and
             Qiang Ye and
             Xuemin Shen and
             Xu Li and
             Jaya Rao},
  title   = {Dynamic Flow Migration for Embedded Services in SDN/NFV-Enabled 5G
             Core Networks},
  journal = {{IEEE} Trans. Communications},
  volume  = {68},
  number  = {4},
  pages   = {2394--2408},
  year    = {2020}
}

@inproceedings{RamseyG93,
  author    = {Connie Loggia Ramsey and
               John J. Grefenstette},
  title     = {Case-Based Initialization of Genetic Algorithms},
  booktitle = {ICGA'93: International Conference on Genetic Algorithms},
  pages     = {84--91},
  year      = {1993}
}

@article{RankothgeLRL17,
  author  = {Windhya Rankothge and
             Franck Le and
             Alessandra Russo and
             Jorge Lobo},
  title   = {Optimizing Resource Allocation for Virtualized Network Functions in
             a Cloud Center Using Genetic Algorithms},
  journal = {{IEEE} Trans. Network and Service Management},
  volume  = {14},
  number  = {2},
  pages   = {343--356},
  year    = {2017}
}

@article{RoyTSARH20,
  author  = {Palash Roy and
             Anika Tahsin and
             Sujan Sarker and
             Tamal Adhikary and
             Md. Abdur Razzaque and
             Mohammad Mehedi Hassan},
  title   = {User mobility and Quality-of-Experience aware placement of Virtual
             Network Functions in 5G},
  journal = {Comput. Commun.},
  volume  = {150},
  pages   = {367--377},
  year    = {2020}
}

@inproceedings{SangJGDY17,
  author    = {Yu Sang and
               Bo Ji and
               Gagan Raj Gupta and
               Xiaojiang Du and
               Lin Ye},
  title     = {Provably efficient algorithms for joint placement and allocation of
               virtual network functions},
  booktitle = {{INFOCOM}'17: Proc. of the 2017 {IEEE} Conference on Computer Communications},
  pages     = {1--9},
  year      = {2017}
}

@article{Shehabi18,
  title     = {Data center growth in the {United States}: {D}ecoupling the demand for services from electricity use},
  author    = {Arman Shehabi and Sarah J Smith and Eric Masanet and Jonathan Koomey},
  journal   = {Environmental Research Letters},
  volume    = {13},
  number    = {12},
  year      = {2018},
  publisher = {IOP Publishing}
}

@techreport{ShehabiARSSD16,
  author = {Arman Shehabi and
            Sarah Josephine Smith and
            Dale A. Sartor and
            Richard E. Brown and
            Magnus Herrlin and
            Jonathan G. Koomey and
            Eric R. Masanet and
            Horner, Nathaniel and
            In{\^e}s Lima Azevedo and
            Lintner, William},
  title  = {{United States} Data Center Energy Usage Report},
  year   = {2016},
  url    = {https://eta.lbl.gov/publications/united-states-data-center-energy}
}

@article{ShiZS20,
  author  = {Jialong Shi and
             Qingfu Zhang and
             Jianyong Sun},
  title   = {{PPLS/D:} Parallel Pareto Local Search Based on Decomposition},
  journal = {{IEEE} Trans. Cybern.},
  volume  = {50},
  number  = {3},
  pages   = {1060--1071},
  year    = {2020}
}

@article{SongZE15,
  title   = {Data Center Energy and Cost Saving Evaluation},
  journal = {Energy Procedia},
  volume  = {75},
  pages   = {1255 - 1260},
  year    = {2015},
  author  = {Zz Song and Xiaojing Zhang and Clas Eriksson}
}

@inproceedings{SoualahMGZ17,
  author    = {Oussama Soualah and
               Marouen Mechtri and
               Chaima Ghribi and
               Djamal Zeghlache},
  title     = {Energy Efficient Algorithm for {VNF} Placement and Chaining},
  booktitle = {{CCGRID}'17:International Symposium on Cluster, Cloud and Grid Computing},
  pages     = {579--588},
  publisher = {{IEEE} Computer Society / {ACM}},
  year      = {2017}
}

@inproceedings{VizarretaCMMK17,
  author    = {Petra Vizarreta and
               Massimo Condoluci and
               Carmen Mas Machuca and
               Toktam Mahmoodi and
               Wolfgang Kellerer},
  title     = {QoS-driven function placement reducing expenditures in {NFV} deployments},
  booktitle = {{ICC}'17: {IEEE} International Conference on Communications},
  pages     = {1--7},
  publisher = {{IEEE}},
  year      = {2017}
}

@article{VlasicDJ19,
  author  = {Ivan Vlasic and
             Marko Durasevic and
             Domagoj Jakobovic},
  title   = {Improving genetic algorithm performance by population initialisation
             with dispatching rules},
  journal = {Comput. Ind. Eng.},
  volume  = {137},
  year    = {2019}
}

@article{ZhangL07,
  author  = {Qingfu Zhang and
             Hui Li},
  title   = {{MOEA/D:} {A} Multiobjective Evolutionary Algorithm Based on Decomposition},
  journal = {{IEEE} Trans. Evol. Comput.},
  volume  = {11},
  number  = {6},
  pages   = {712--731},
  year    = {2007}
}

@inproceedings{ZhangXLLGW17,
  author    = {Qixia Zhang and
               Yikai Xiao and
               Fangming Liu and
               John C. S. Lui and
               Jian Guo and
               Tao Wang},
  editor    = {Kisung Lee and
               Ling Liu},
  title     = {Joint Optimization of Chain Placement and Request Scheduling for Network
               Function Virtualization},
  booktitle = {{ICDCS}'17: {IEEE} International Conference on Distributed Computing Systems},
  pages     = {731--741},
  publisher = {{IEEE} Computer Society},
  year      = {2017}
}

@article{ZhangYCJ20,
  author  = {Ying Zhang and
             Weihong Yu and
             Xiaodong Chen and
             Jianhui Jiang},
  title   = {Parallel Genetic Algorithm to Extend the Lifespan of Internet of Things
             in 5G Networks},
  journal = {{IEEE} Access},
  volume  = {8},
  pages   = {149630--149642},
  year    = {2020}
}

@article{ZhengMF15,
  title     = {Information technology and consumer behavior in travel and tourism: Insights from travel planning using the internet},
  author    = {Zheng Xiang and Vincent P Magnini and Daniel R Fesenmaier},
  journal   = {Journal of Retailing and Consumer Services},
  volume    = {22},
  pages     = {244--249},
  publisher = {Elsevier}
}

@article{ZioB11,
  author  = {Enrico Zio and
             Roberta Bazzo},
  title   = {A clustering procedure for reducing the number of representative solutions
             in the Pareto Front of multiobjective optimization problems},
  journal = {Eur. J. Oper. Res.},
  volume  = {210},
  number  = {3},
  pages   = {624--634},
  year    = {2011}
}

@inproceedings{ZitzlerK04,
  author    = {Eckart Zitzler and
               Simon K{\"{u}}nzli},
  title     = {Indicator-Based Selection in Multiobjective Search},
  booktitle = {{PPSN}'04: Parallel Problem Solving from Nature},
  series    = {Lecture Notes in Computer Science},
  volume    = {3242},
  pages     = {832--842},
  publisher = {Springer},
  year      = {2004}
}